1867 3126
603 32 1036 117 mmmm:
1450 76 1528 143 41

143 166 185 236 ὂ
215 165 460 234 decisum
495 158 771 232 bmnium
799 159 1301 243 confidentissime,
1326 163 1550 234 Rheam

141 256 367 345 insuper
399 256 582 342 ipsam
619 260 735 320 iam
773 277 972 332 anum,
1007 273 1275 338 praeterea.
1297 254 1551 322 deorum

144 366 268 413 tam
300 344 622 410 multorum
642 362 927 430 parentem
949 337 1020 408 ed
1037 342 1338 430 perpulisti,
1361 363 1427 408 vt
1442 367 1555 429 pu-

144 438 365 514 sionem
389 433 634 509 adamet,
652 450 818 518 atque
837 438 900 496 in
922 428 1425 518 Phrygiumillum
1446 434 1554 497 ad-

143 512 555 588 olescentulum
588 521 858 606 depereat,
883 545 949 586 ac
989 538 1083 585 tua
1105 527 1221 585 iarn
1259 542 1428 604 opera
1449 526 1548 585 in-

143 609 308 676 sanit:
336 606 661 696 iunstisque
677 605 1236 688 leonibus,adhibitis
1255 615 1394 673 item
1416 609 1551 674 Co-

141 697 473 785 rybantibus
496 704 734 784 (quippe
752 705 853 783 qui
878 708 934 762 &
952 700 1054 784 ipsi
1068 692 1265 763 furore
1285 699 1548 784 quodam

141 787 272 852 sunt
285 780 486 860 afflati)
507 810 602 873 per
627 788 793 852 Idam
829 806 1096 851 montem
1132 784 1350 851 sursum
1367 811 1434 851 ac
1448 788 1551 851 de-

149 874 348 941 orsum
371 874 591 940 oberrat
627 874 740 960 ipsa
760 876 1002 961 quidem
1039 879 1189 941 Attis
1210 897 1407 939 amore
1426 881 1553 940 eiu-

144 964 594 1030 lans.Caeterum
631 963 1042 1050 Corybantum
1074 964 1211 1029 alius
1232 963 1398 1029 suum
1434 964 1549 1048 ipse

145 1075 357 1139 penem
389 1052 517 1117 ense
553 1050 786 1130 desecat,
818 1053 956 1119 alius
976 1046 1214 1118 demiss'a
1251 1075 1424 1118 coma
1455 1075 1552 1138 per

144 1159 381 1205 montes
415 1137 592 1204 fertur
626 1137 875 1218 insanus,
899 1141 1037 1206 alius
1074 1165 1258 1205 cornu
1296 1148 1467 1223 canit,
1491 1166 1553 1206 a·
1593 1167 1602 1182 -·

142 1227 250 1294 lius
285 1247 568 1313 tympano
610 1229 969 1306 tonat‚alius
1015 1228 1283 1314 cymbalo
1313 1227 1554 1316 perstre-

142 1324 248 1405 pit:
271 1315 528 1394 breuiter‚
550 1322 747 1382 omnis
783 1318 1159 1404 vndiquaque
1195 1318 1297 1382 Ida
1330 1318 1552 1382 tumul-

146 1423 238 1472 tus
257 1422 429 1490 atque
447 1402 681 1469 insaniae
696 1403 859 1488 plena
876 1405 972 1471 est.
985 1405 1233 1471 Proinde
1247 1408 1456 1469 cuneta
1475 1412 1552 1470 ti-

144 1511 516 1558 meotmetuo
546 1517 620 1557 ne
637 1494 747 1558 tale
767 1495 909 1579 quid
930 1494 1554 1580 accidat,quandoqui-

144 1584 284 1648 dem
301 1599 356 1646 te
386 1581 659 1666 produxi,
683 1585 906 1648 malum
926 1589 1156 1669 ingens,
1182 1601 1247 1647 vt
1270 1582 1551 1668 siquando

147 1664 423 1754 refipiscat
462 1666 621 1734 Rhea
642 1719 662 1748 ,
683 1670 772 1737 vel
808 1678 1001 1756 potius
1032 1675 1074 1734 s1
1111 1689 1304 1757 pergat
1335 1671 1554 1737 insani-

148 1784 225 1836 re,
236 1755 633 1842 Corybatibus
655 1765 890 1844 imperet
911 1778 975 1825 vt
992 1781 1046 1825 te
1072 1759 1399 1845 correptum
1437 1760 1557 1825 dis-

149 1865 390 1932 cerpant,
417 1864 513 1910 aut
552 1845 813 1912 leonibus
851 1846 1152 1912 obiiciant.
1179 1851 1405 1914 Hieme
1439 1849 1559 1913 sol-
1648 1888 1651 1891 ,

145 1936 326 2000 licitat
342 1926 718 2020 metus,qu6d
737 1937 965 2001 videam
984 1936 1087 2001 tibi
1104 1938 1419 2022 periculum
1437 1943 1558 2002 im-‘

146 2029 392 2101 minere.
478 2023 762 2102 C.Oti0s0
778 2030 979 2090 animo
999 2025 1115 2089 esto
1148 2045 1350 2103 mater,
1375 2029 1558 2112 siqui-

152 2113 290 2178 dem
309 2111 568 2178 leonibus
608 2118 780 2176 etiam
811 2117 937 2197 ipfis
974 2119 1092 2177 iam
1114 2111 1404 2179 familiaris
1424 2117 1550 2179 sum

153 2199 360 2278 fastus,
382 2206 458 2263 ita
493 2219 556 2267 vt
585 2199 969 2286 saepenumero
1008 2203 1323 2267 conscensis
1344 2227 1548 2269 eorum

155 2293 347 2374 tergis,
368 2285 745 2374 prehensaque
764 2288 915 2368 iuba,
938 2296 1142 2376 equitis
1162 2298 1272 2356 ritu
1311 2292 1554 2358 infidens
1616 2293 1620 2296 ’

158 2375 289 2442 illos
308 2384 544 2462 agitem.
570 2381 649 2442 At
670 2373 806 2442 ver&
824 2378 906 2441 illi
927 2385 1157 2444 interim
1194 2377 1342 2444 mihi
1361 2382 1554 2444 caudis

151 2464 622 2555 *adblandiuntuss
645 2490 711 2531 ac
730 2488 974 2554 magum
997 2475 1085 2533 ori
1123 2467 1383 2534 insertam
1405 2493 1559 2534 rece·
1619 2477 1622 2479 ’
