1867 3126
528 87 566 135 E
589 66 709 156 v1N
735 62 843 131 'vc
867 59 911 131 ᾗ
939 59 991 131 'v
1018 76 1078 130 s:
1499 66 1578 159 ‘63

97 214 101 217 “
122 181 260 250 'daffi
281 179 394 251 erat
410 181 620 251 hoede
639 208 760 270 quo
780 180 1092 249 diffidebat:
1115 179 1250 248 naffi
1271 181 1523 252 eiusdem

116 267 280 338 sestae
303 291 464 339 erant
481 271 994 357 ambo,eiusde'mq;
1008 268 1229 349 scholae,
1255 281 1308 336 &
1328 289 1521 338 tamen

114 379 244 425 orta
261 367 407 427 inter
421 361 602 428 eos'lis
625 355 947 425 erat.Porro
964 362 1177 424 iudices
1195 366 1296 445 qui
1319 382 1519 444 cogno

113 447 361 526 scebant,
382 457 647 535 primates
670 447 788 512 erat
805 445 976 512 huius
999 446 1243 533 Reipub.
1263 441 1518 535 natuque

116 542 365 601 maximi
404 562 469 602 ac
505 532 912 622 sapientissimi:
937 534 1175 599 breuiter
1194 537 1344 620 apud
1364 561 1515 624 quos

113 625 377 711 pudescat
394 625 602 710 aliquis
617 631 789 688 etiam
811 628 945 709 paru
967 642 1090 707 apte
1109 632 1403 709 quippiam
1425 627 1513 691 elo

112 713 505 798 quutuS,nedu
526 714 595 777 ad
610 730 823 776 tantam
846 713 1149 797 prouectus
1168 718 1515 777 inuerecun-

106 802 296 865 diam.
364 807 618 888 P.Qin
636 820 696 864 tu
717 806 895 885 igitur
912 799 1025 863 litis
1046 806 1385 885 arguments]
1407 823 1514 884 exf

106 895 307 974 poniS,
332 890 455 974 quo
478 888 740 953 videlicet
775 886 890 973 ipse
923 892 1093 951 etiam
1123 886 1510 974 cognoscam,

112 999 244 1062 quae
263 974 466 1041 res-tibi
485 994 709 1041 tantum
725 976 899 1040 risum
922 982 1245 1042 concitant?
1316 981 1512 1042 1..Scis

115 1061 409 1150 Pamphile
426 1063 636 1140 salathi,
661 1061 836 1150 idque
854 1069 1190 1149 neutiquam
1228 1070 1318 1131 exi
1323 1089 1511 1151 guum

102 1150 183 1216 ab
201 1159 534 1237 imperatore
552 1147 719 1216 fuisse
749 1151 1126 1217 constitutum
1156 1155 1390 1239 singulis
1408 1152 1510 1239 phi

99 1238 488 1325 -10sophorum
508 1239 828 1326 generibus,
853 1257 986 1325 puta
1007 1244 1239 1318 Stoicis,
1252 1242 1510 1306 Platoni-

103 1335 213 1406 cis,
222 1324 786 1414 Epicureiszci'imque
804 1325 900 1393 his‘
912 1334 1084 1393 etiam
1108 1333 1505 1415 Peripateticis:

107 1421 187 1480 ita
206 1436 271 1482 vt
303 1424 622 1502 vnicuique
655 1415 812 1480 [ectae
826 1424 1133 1503 praemium
1152 1419 1282 1483 esset
1315 1440 1508 1504 aequa-

99 1502 178 1567 le.
205 1506 494 1589 Caeterum
512 1507 822 1569 demortuo
842 1529 914 1571 ex
933 1503 1021 1571 his
1042 1513 1341 1593 quopiam,
1365 1508 1504 1574 alius

108 1591 312 1678 aliquis
349 1599 414 1657 in
450 1599 568 1658 eius
602 1594 805 1658 locum
837 1592 1228 1680 subrogandus
1264 1595 1340 1658 est
1359 1647 1377 1673 ,
1400 1602 1503 1682 qui

103 1681 173 1744 fit
209 1687 556 1768 optimatum
578 1680 802 1746 calculis
836 1680 1110 1767 probatus·
1129 1731 1143 1746 .
1170 1680 1348 1748 Porro
1364 1707 1508 1770 prae-

103 1770 235 1834 misi
256 1770 421 1846 illudjx
441 1792 626 1855 neque
642 1768 853 1834 bubula
872 1771 1025 1856 pellis
1046 1790 1156 1835 erat
1192 1780 1500 1857 quaepiam,

98 1858 610 1945 'quemadmodum
645 1876 723 1921 ait
745 1860 936 1936 Poeta,
960 1883 1064 1924 nec
1079 1861 1355 1944 porcellus
1365 1862 1382 1923 ε’
1403 1887 1504 1944 ves

102 1968 235 2009 mm
253 1947 508 2032 singulos
528 1954 592 2011 in
615 1969 798 2011 annos
830 1946 1010 2013 decies
1033 1949 1190 2011 mille
1222 1940 1493 2029 mimum,

95 2050 254 2117 'quos
274 2040 584 2118 accipiunt,
607 2039 689 2102 vti
708 2034 952 2099 doceant
987 2043 1366 2101 iuuentutem.
1431 2054 1492 2105 P.

101 2123 355 2185 Memini
388 2124 627 2207 quidem
666 2121 791 2185 ista.
815 2130 995 2210 Qin
1031 2133 1191 2189 aiunt
1209 2149 1388 2212 nuper
1421 2151 1495 2192 ex

97 2207 205 2272 illis
230 2210 401 2274 {diem
430 2207 630 2275 obiisse
649 2219 1006 2295 quempiam:
1029 2213 1263 2278 alterum
1288 2222 1373 2291 (ni
1393 2212 1503 2280 fal-

99 2291 269 2368 lor)ex
307 2302 703 2382 Peripateticis.
780 2314 814 2358 L
843 2315 888 2361 V
912 2314 977 2363 C.
1003 2303 1140 2365 Haec
1173 2302 1285 2387 ipsa
1325 2307 1500 2368 Pam-

94 2382 249 2468 phile
271 2385 501 2450 Heiena:
521 2406 747 2471 propter
773 2410 946 2474 quam
970 2390 1047 2453 illi
1070 2396 1214 2454 inter
1247 2390 1350 2454 sese
1383 2396 1501 2454 sin-

98 2473 279 2556 gulari
299 2481 605 2539 certamine
623 2473 1051 2541 coflic‘cabitAEt
1070 2475 1339 2543 hastenus
1362 2489 1500 2564 qui-

95 2563 232 2625 dem
253 2559 401 2626 nihil
419 2568 589 2628 etiam
607 2565 916 2653 ridendum
934 2585 1045 2654 erat
1079 2573 1140 2655 in
1160 2567 1268 2633 illis
1305 2587 1498 2654 praeter
