1867 3126
622 24 1052 81 DIA'LOGs.
1428 42 1516 115 45

125 138 541 235 ‘probasti-,nisi
575 137 752 205 rubor
787 141 1078 206 admixtus
1111 140 1215 220 illi,
1239 141 1408 211 deciiss
1446 149 1529 214 illi

104 239 401 304 iunxerit.
472 233 728 314 G.Atqui
750 251 862 315 ego
883 228 971 294 illa
989 228 1312 296 immodice*
1325 237 1532 301 candi-

130 327 221 402 da,
239 341 434 387 tamen
467 317 753 382 eiusmodi
788 315 974 383 habeo
1008 339 1318 399 amantem,
1339 345 1527 407 quum

127 415 364 479 interim
384 403 415 473 e*
433 402 603 473 vob'is
623 405 774 471 nulla
799 409 864 470 sit
881 429 1060 493 quam
1098 409 1188 475 vel
1203 408 1410 493 pastor,
1434 412 1530 478 vel

132 517 323 576 nauta,
346 494 436 561 vel
453 502 699 581 portitor
717 494 924 585 aliquis
960 502 1215 562 miretur.
1237 497 1532 566 Caeterum

133 583 525 672 Polyphemus
547 595 565 661 (
575 601 639 651 vt
658 582 759 648 alia
776 607 849 648 ne
882 585 1100 658 dicam)
1124 592 1293 650 etiam
1318 613 1534 654 canen-
1634 600 1645 611 “

133 678 194 742 di
231 679 438 761 peritus
476 672 574 737 est.
680 671 917 738 D.Tace
952 665 992 736 ὃ
1033 673 1279 753 Galatea,
1303 679 1535 743 audiui-

132 787 265 830 mus
307 761 792 827 illum'canentem
826 783 964 826 cum
982 784 1160 848 nuper
1198 771 1436 847 pruriret
1469 774 1534 830 in

134 850 304 930 tetsed
320 844 360 915 ὃ
378 847 568 914 sanita
593 851 1039 926 Venus,afinum
1059 851 1255 916 rudere
1273 851 1532 920 dixisses.

133 943 301 1008 Nam
337 938 470 1023 lyrae
506 962 714 1024 corpus
754 937 1114 1004 fimsshmum
1151 959 1264 1006 erat
1299 948 1537 1009 ceruino

134 1035 300 1115 capiti
336 1022 550 1092 offibus
588 1026 1032 1093 renudatoztum
1053 1051 1270 1094 cornua
1305 1032 1541 1116 perinde

136 1119 291 1206 quasi
311 1113 488 1179 cubiti
503 1113 1002 1201 prominebant.1s
1023 1121 1041 1179 i
1128 1120 1235 1196 §tis
1255 1119 1541 1184 induffls-

135 1220 252 1292 que
271 1200 502 1282 fidibu's,
526 1226 667 1291 quas
690 1227 763 1268 ne
782 1203 1008 1290 collope
1027 1139 1267 1357 εἰξῖὶειῃ
1303 1212 1540 1273 circum.

134 1290 455 1378 torquebat,
478 1291 683 1378 agreste
702 1293 983 1377 quiddam
1007 1303 1061 1357 &
1082 1318 1112 1357 a
1155 1292 1367 1359 sonum
1402 1315 1556 1362 can-·

133 1381 554 1466 tillabat,quum
576 1380 730 1445 aliud
751 1387 982 1446 interim
1004 1381 1114 1468 ipse
1133 1406 1281 1447 voce
1299 1402 1538 1462 caneret,

132 1471 290 1538 'aliud
308 1467 765 1554 lyrasssuccineret,
792 1476 867 1534 ita
887 1489 950 1551 vt
965 1466 1207 1555 teperare
1228 1470 1398 1538 nobiS
1436 1497 1543 1537 ne-

133 1559 452 1647 quierimus
488 1564 633 1644 quin
652 1559 969 1624 rideremus
1007 1566 1351 1642 amatoriam
1387 1560 1542 1628 illam
1619 1594 1629 1597 -
1674 1570 1676 1572 ’
1736 1557 1738 1560 ’

135 1654 493 1716 cantionem.
508 1639 656 1710 nam
672 1643 835 1712 Echo
856 1672 930 1713 ne
946 1646 1277 1732 respondere
1297 1649 1539 1733 quidem

137 1737 220 1803 illi
241 1736 432 1802 voluit
445 1733 674 1810 balanti,
700 1757 889 1821 quum
909 1739 974 1801 fit
992 1731 1134 1801 adeo
1151 1737 1389 1822 garrula:
1411 1731 1541 1802 imd

134 1819 419 1913 puduisset
449 1826 489 1886 fi
508 1827 624 1890 visa
642 1821 832 1892 fuisset
853 1824 1153 1901 stridulum
1173 1826 1341 1903 illius,
1367 1835 1423 1889 &
1460 1833 1543 1891 ri-

136 1913 401 1983 diculum
422 1925 658 1997 cantum
676 1919 911 1980 imitari.
939 1909 1183 1978 'Adhaec'
1198 1911 1442 1999 gestabat
1475 1921 1540 1979 in

137 2003 289 2071 vlnis
306 2003 543 2066 amafius
563 2000 659 2065 iste
677 2002 906 2069 delicias
924 2006 1043 2068 suas
1056 2005 1161 2070 vrfi
1178 2002 1544 2088 catulumsspi-
1632 2007 1636 2009 ’

137 2093 206 2158 lis
225 2088 441 2155 hirtum
464 2093 560 2174 ipfi
578 2087 661 2154 no
678 2088 1030 2155 diffimilem.
1055 2097 1390 2176 quisautem
1409 2115 1538 2155 non

137 2183 397 2246 inuideat
418 2175 798 2244 tibiramicum
818 2179 923 2245 istfi
942 2181 1194 2244 Galatea?
1281 2186 1537 2268 G.Qin

139 2274 394 2354 tuigitur
415 2266 566 2331 Dori
584 2285 749 2333 tuum
770 2272 935 2353 ipfius
957 2268 1147 2332 amicfi
1166 2263 1335 2331 nobis
1362 2292 1535 2332 com-

142 2356 397 2422 monstra
416 2362 517 2440 qui
535 2380 670 2420 meo
707 2359 772 2420 fit
806 2353 1137 2431 formosior,
1171 2355 1388 2440 quique
1421 2357 1533 2422 do·
1617 2359 1636 2378 ⁸

143 2448 289 2534 &ius
311 2451 373 2513 ac
392 2443 591 2530 melius
612 2446 701 2533 vel
721 2468 866 2514 voce
883 2443 1174 2531 canan-vel
1194 2441 1448 2529 cytharae
